@article{kiriliouk2020climate,
  title={Climate extreme event attribution using multivariate peaks-over-thresholds modeling and counterfactual theory},
  author={Kiriliouk, Anna and Naveau, Philippe},
  journal={The Annals of Applied Statistics},
  volume={14},
  number={3},
  pages={1342--1358},
  year={2020},
  publisher={Institute of Mathematical Statistics}
}

@article{castro2020local,
  title={Local likelihood estimation of complex tail dependence structures, applied to US precipitation extremes},
  author={Castro-Camilo, Daniela and Huser, Rapha{\"e}l},
  journal={Journal of the American Statistical Association},
  volume={115},
  number={531},
  pages={1037--1054},
  year={2020},
  publisher={Taylor \& Francis}
}

@book{pearl2000causality,
  title={{C}ausality: {M}odels, {R}easoning and {I}nference},
  author={Pearl, Judea},
  year={2000},
  publisher={Cambridge university press}
}

@article{huser2019modeling,
  title={Modeling spatial processes with unknown extremal dependence class},
  author={Huser, Rapha{\"e}l and Wadsworth, Jennifer L},
  journal={Journal of the American Statistical Association},
  volume={114},
  number={525},
  pages={434--444},
  year={2019},
  publisher={Taylor \& Francis}
}

@article{Naveau2020,
author = {Naveau, Philippe and Hannart, Alexis and Ribes, Aur\'{e}lien},
title = {Statistical Methods for Extreme Event Attribution in Climate Science},
journal = {Annual Review of Statistics and Its Application},
volume = {7},
number = {1},
pages = {89-110},
year = {2020},
doi = {10.1146/annurev-statistics-031219-041314},
}